@Book{ 19942401116,
 author    = "Srivastava, A. K. and Goering, C. E. and Rohrbach, R. P.",
 editor    = "",
 title     = "Engineering principles of agricultural machines.",
 publisher     = "American Society of Agricultural Engineers",
 year      =  1993 ,
 address = "St. Joseph, MI, USA"
}
        